<record><leader>00000cas a22000007a 4500</leader><controlfield tag="001">20516808</controlfield><controlfield tag="008">891020d18961917mouwr ne      0    0eng d</controlfield><datafield ind1=" " ind2=" " tag="010"><subfield code="a">sn 89067128 </subfield></datafield><datafield ind1=" " ind2=" " tag="040"><subfield code="a">MQN</subfield><subfield code="b">eng</subfield><subfield code="c">MQN</subfield><subfield code="d">OCLCQ</subfield></datafield><datafield ind1=" " ind2=" " tag="042"><subfield code="a">msc</subfield></datafield><datafield ind1="0" ind2=" " tag="130"><subfield code="a">Queen City leader (Queen City, Mo.)</subfield></datafield><datafield ind1="1" ind2="0" tag="245"><subfield code="a">Queen City leader.</subfield></datafield><datafield ind1=" " ind2=" " tag="260"><subfield code="a">Queen City, Mo. :</subfield><subfield code="b">W.C. Biggs</subfield></datafield><datafield ind1=" " ind2=" " tag="300"><subfield code="a">v.</subfield></datafield><datafield ind1=" " ind2=" " tag="310"><subfield code="a">Weekly</subfield></datafield><datafield ind1="1" ind2=" " tag="362"><subfield code="a">Began in 1896? Ceased in 1917.</subfield></datafield><datafield ind1=" " ind2=" " tag="588"><subfield code="a">Description based on: Vol. 5, no. 30 (July 26, 1901).</subfield></datafield><datafield ind1=" " ind2=" " tag="752"><subfield code="a">United States</subfield><subfield code="b">Missouri</subfield><subfield code="c">Schuyler</subfield><subfield code="d">Queen City.</subfield></datafield><datafield ind1="0" ind2="7" tag="785"><subfield code="t">Queen City transcript</subfield><subfield code="w">(DLC)sn 89067127</subfield></datafield><datafield ind1="0" ind2="7" tag="785"><subfield code="t">Leader-transcript</subfield><subfield code="w">(DLC)sn 89067129</subfield></datafield></record>